@article{enhance,
    author = "Jehad Alnihoud and Rami",
    title     = "\href{https://www.iajit.org/PDF/vol.7,no.1/9.pdf}{An Enhancement of Major Sorting Algorithms}",
    url       = {https://www.iajit.org/PDF/vol.7,no.1/9.pdf},
    pages = "1--8",
    year = "2008",
    keywords = "computer science"
}

@article{review,
    author = "Khalid Suleiman Al-Kharabsheh and Ibrahim Mahmoud AlTurani and Abdallah Mahmoud Ibrahim AlTurani and Nabeel Imhammed Zanoon",
    title     = "\href{https://www.researchgate.net/profile/DrnabeelZanoon/publication/259911982_Review_on_Sorting_Algorithms_A_Comparative_Study/links/5bc1cc48299bf1004c5eb3e1/Review-on-Sorting-Algorithms-A-Comparative-Study.pdf}{Review on Sorting Algorithms A Comparative Study}",
    
    url       = {https://www.researchgate.net/profile/DrnabeelZanoon/publication/259911982_Review_on_Sorting_Algorithms_A_Comparative_Study/links/5bc1cc48299bf1004c5eb3e1/Review-on-Sorting-Algorithms-A-Comparative-Study.pdf},
    pages = "3--8",
    year = "2013",
    keywords = "computer science"
}

@article{Eric,

author  = "Erickson Jeff",
title   = "\href{http://jeffe.cs.illinois.edu/teaching/algorithms/book/Algorithms-JeffE.pdf}{Algorithms}",
url     = {http://jeffe.cs.illinois.edu/teaching/algorithms/book/Algorithms-JeffE.pdf},
pages   = "26--39",
year    = "2019",
 keywords = "computer science"
}

@article{Morin,
author  = "Pat Morin",
title   = "\href{http://opendatastructures.org/ods-python.pdf}{Open Data Structures}",
url     = "{http://opendatastructures.org/ods-python.pdf}",
pages   = "217--235",
year    = "2002",
keywords = "computer science"
}

@article{Niev,

author  = "Nievergelt Jurg and Hinrichs Klaus",
title   = "\href{https://www.dropbox.com/sh/fcd01oy6h102fn7/AACglU-e5UVHmYtCfE-nFpMwa?dl=0&preview=algorithms+and+data+structures.pdf}{Algorithms and Data Structures With Applications to Graphics and Geometry}",
url     = "{https://www.dropbox.com/sh/fcd01oy6h102fn7/AACglU-e5UVHmYtCfE-nFpMwa?dl=0&preview=algorithms+and+data+structures.pdf}",
pages = "158--178",
keywords = "algorithms"
}